@book
{ref1,
author={Retaill√©,Jean-Philippe},
title={Refactoring des applications JAVA/J2EE},
publisher={Eyrolles},
year={2005}
}

@book
{ref2,
author={Fowler,Martin},
title={Refactoring: Improving the Design of Existing Code},
publisher={Addison-Wesley Professional},
year={1999}
}

@misc
{ref3,
author={Doudoux,Jean-Michel},
title={Le refactoring},
month={Janvier},
year={2007},
note={https://www.jmdoudoux.fr/java/dejae/chap009.htm}
}

@misc
{ref4,
author={Shvets,Alexander},
title={Refactoring techniques},
note={https://sourcemaking.com/refactoring/refactorings}
}