@book
{ref1,
author={Retaillé,Jean-Philippe},
title={Refactoring des applications JAVA/J2EE},
publisher={Eyrolles},
year={2005}
}

@book
{ref2,
author={Fowler,Martin},
title={Refactoring: Improving the Design of Existing Code},
publisher={Addison-Wesley Professional},
year={1999}
}

@misc
{ref3,
author={Doudoux,Jean-Michel},
title={Le refactoring},
month={Janvier},
year={2007},
note={https://www.jmdoudoux.fr/java/dejae/chap009.htm}
}

@misc
{ref4,
author={Fallet,Romain},
title={Le désenchantement du logiciel},
month={Septembre},
year={2018},
note={https://blog.romainfallet.fr/desenchantement-logiciel/}
}

@misc
{ref5,
title={Refactoring techniques},
note={https://sourcemaking.com/refactoring/refactorings}
}

@misc
{ref6,
author={Maksimovic,Zoran},
title={Refactoring with Composed Method pattern},
month={Janvier},
year={2019},
note={https://www.agile-code.com/blog/refactoring-with-composed-method-pattern/}
}

@misc
{ref7,
author={Rouvignac,Jean-Noël},
note={https://github.com/JnRouvignac/AutoRefactor}
}